@article{bircher2020extraterritorial,
  title={Extraterritorial forays by great tits are associated with dawn song in unexpected ways},
  author={Bircher, Nina and van Oers, Kees and Hinde, Camilla A and Naguib, Marc},
  journal={Behavioral Ecology},
  volume={31},
  number={4},
  pages={873--883},
  year={2020},
  publisher={Oxford University Press UK}
}
